@Comment @book{kn:Golub89,
@Comment     author = "Golub, G.H. and {Van Loan}, C.F.",
@Comment     title = "Matrix Computations",
@Comment     edition = "2nd",
@Comment     publisher = "Johns Hopkins University Press",
@Comment     address = "Baltimore",
@Comment     year = "1989",
@Comment     kwds = "la"
@Comment }

@Comment @book{kn:deCarlini91,
@Comment     author = "{de Carlini}, U. and Villano, U.",
@Comment     title = "Transputers and parallel architectures -- message-passing
@Comment               distributed systems",
@Comment     publisher = "Ellis Horwood",
@Comment     address = "Chichester",
@Comment     year = "1991",
@Comment     kwds = "par, arch, trans"
@Comment }

@Comment @book{kn:Modi88,
@Comment     author = "Modi, J.J.",
@Comment     title = "Parallel Algorithms and Matrix Computation",
@Comment     publisher = "Oxford University Press",
@Comment     address = "Oxford",
@Comment     year = "1988",
@Comment     kwds = "par, la"
@Comment }

@Comment @book{kn:Smith85,
@Comment     author = "Smith, G.D.",
@Comment     title = "Numerical Solution of Partial Differential Equations:
@Comment               Finite Difference Methods",
@Comment     edition = "3rd",
@Comment     publisher = "Oxford University Press",
@Comment     address = "Oxford",
@Comment     year = "1985",
@Comment     kwds = "pde"
@Comment }

@Comment @book{kn:Schofield89,
@Comment     author = "Schofield, C.F.",
@Comment     title = "Optimising {FORTRAN} programs",
@Comment     publisher = "Ellis Horwood Publishing",
@Comment     address = "Chichester",
@Comment     year = "1989",
@Comment     kwds = "lang, for"
@Comment }

@Comment @inbook{kn:daCunha92a,
@Comment     author = "{da Cunha}, R.D. and Hopkins, T.R.",
@Comment     title = "The Parallel Solution of Systems of Linear Equations using
@Comment               Iterative Methods on Transputer Networks",
@Comment     series = "Transputing for Numerical and Neural Network Applications",
@Comment     pages = "1-13",
@Comment     publisher = "IOS Press",
@Comment     address = "Amsterdam",
@Comment     year = "1992",
@Comment     note = "Also as Report No. 16/92, Computing Laboratory, University of Kent at Canterbury, U.K.",
@Comment     kwds = "par, iter"
@Comment }

@Comment @inbook{kn:daCunha92b,
@Comment     author = "{da Cunha}, R.D. and Hopkins, T.R.",
@Comment     title = "The Parallel Solution of Partial Differential Equations
@Comment               on Transputer Networks",
@Comment     series = "Transputing for Numerical and Neural Network Applications",
@Comment     pages = "96-109",
@Comment     publisher = "IOS Press",
@Comment     address = "Amsterdam",
@Comment     year = "1992",
@Comment     note = "Also as Report No. 17/92, Computing Laboratory, University of Kent at Canterbury, U.K.",
@Comment     kwds = "par, pde"
@Comment }

@Comment @misc{kn:Atkin,
@Comment     author = "Atkin, P.",
@Comment     title = "Performance Maximisation",
@Comment     howpublished = "INMOS Technical Note 17",
@Comment     kwds = "perf, trans, loop"
@Comment }

@Comment @article{kn:Saad85,
@Comment     author = "Saad, Y.",
@Comment     title = "Practical use of polynomial preconditionings for the
@Comment               {Conjugate Gradient} method",
@Comment     journal = "SIAM Journal of Scientific and Statistical Computing",
@Comment     volume = "6",
@Comment     pages = "865-881",
@Comment     year = "1985",
@Comment     kwds = "cg, precon, poly"
@Comment }

@Comment @article{kn:Eisenstat81,
@Comment     author = "Eisenstat, S.C.",
@Comment     title = "Efficient implementation of a class of preconditioned 
@Comment               {Conjugate Gradient} methods",
@Comment     journal = "SIAM Journal of Scientific and Statistical Computing",
@Comment     volume = "2",
@Comment     pages = "1-4",
@Comment     year = "1981",
@Comment     kwds = "cg, precon"
@Comment }

@Comment @article{kn:Adams85,
@Comment     author = "Adams, L.",
@Comment     title = "{m-Step} preconditioned {Gradient} methods",
@Comment     journal = "SIAM Journal of Scientific and Statistical Computing",
@Comment     volume = "6",
@Comment     pages = "452-463",
@Comment     year = "1985",
@Comment     kwds = "cg, precon, poly"
@Comment }

@Comment @article{kn:Johnson83,
@Comment     author = "Johnson, O.G. and Micchelli, C.A. and Paul, G.",
@Comment     title = "Polynomial preconditioners for {Conjugate Gradient} 
@Comment               calculations",
@Comment     journal = "SIAM Journal of Numerical Analysis",
@Comment     volume = "20",
@Comment     pages = "362-376",
@Comment     year = "1983",
@Comment     kwds = "cg, precon, poly"
@Comment }
